@book{esl,
  title={The elements of statistical learning},
  author={Friedman, Jerome and Hastie, Trevor and Tibshirani, Robert},
  volume={1},
  number={10},
  year={2001},
  publisher={Springer series in statistics New York, NY, USA:}
}

@inproceedings{Kleinberg,
  title={An impossibility theorem for clustering},
  author={Kleinberg, Jon M},
  booktitle={Advances in neural information processing systems},
  pages={463--470},
  year={2003}
}